<record><leader>00000cas a22000007a 4500</leader><controlfield tag="001">14866962</controlfield><controlfield tag="008">861124d19762005inuwr ne      0    0eng d</controlfield><datafield ind1=" " ind2=" " tag="010"><subfield code="a">sn 86059180 </subfield></datafield><datafield ind1=" " ind2=" " tag="040"><subfield code="a">NPI</subfield><subfield code="b">eng</subfield><subfield code="c">NPI</subfield><subfield code="d">OCLCQ</subfield></datafield><datafield ind1=" " ind2=" " tag="042"><subfield code="a">msc</subfield></datafield><datafield ind1=" " ind2=" " tag="043"><subfield code="a">n-us-in</subfield></datafield><datafield ind1="0" ind2=" " tag="130"><subfield code="a">Northern star (Lake Village, Ind.)</subfield></datafield><datafield ind1="1" ind2="4" tag="245"><subfield code="a">The northern star.</subfield></datafield><datafield ind1=" " ind2=" " tag="260"><subfield code="a">Lake Village, Ind. :</subfield><subfield code="b">Robert I. &amp; Linda J. Speer,</subfield><subfield code="c">1976-2005.</subfield></datafield><datafield ind1=" " ind2=" " tag="300"><subfield code="a">30 v. :</subfield><subfield code="b">ill. ;</subfield><subfield code="c">57 cm.</subfield></datafield><datafield ind1=" " ind2=" " tag="310"><subfield code="a">Weekly</subfield></datafield><datafield ind1="0" ind2=" " tag="362"><subfield code="a">Vol. 1, [no. 1] (Feb. 4, 1976)-v.51, no. 6 (Feb. 4, 2005).</subfield></datafield><datafield ind1=" " ind2=" " tag="500"><subfield code="a">Issue numbering begins with v. 1, no. 2 (Feb. 11, 1976).</subfield></datafield><datafield ind1=" " ind2=" " tag="500"><subfield code="a">"Serving northern Newton, Jasper, and south Lake counties."</subfield></datafield><datafield ind1=" " ind2=" " tag="515"><subfield code="a">Vol. 7, no. 5-v. 28, no. 10 skipped in enumeration.</subfield></datafield><datafield ind1=" " ind2=" " tag="752"><subfield code="a">United States</subfield><subfield code="b">Indiana</subfield><subfield code="c">Newton</subfield><subfield code="d">Lake Village.</subfield></datafield><datafield ind1=" " ind2=" " tag="752"><subfield code="a">United States</subfield><subfield code="b">Indiana</subfield><subfield code="c">Jasper.</subfield></datafield><datafield ind1=" " ind2=" " tag="752"><subfield code="a">United States</subfield><subfield code="b">Indiana</subfield><subfield code="c">Lake.</subfield></datafield><datafield ind1="0" ind2="0" tag="780"><subfield code="t">Villager (Lake Village, Ind.)</subfield><subfield code="w">(DLC)sn 86059179</subfield></datafield><datafield ind1="1" ind2=" " tag="029"><subfield code="a">AU@</subfield><subfield code="b">000027045483</subfield></datafield></record>